@article{Maldacena:1997re,
	author         = "Maldacena, Juan Martin",
	title          = "{The Large N limit of superconformal field theories and
	supergravity}",
	journal        = "Int. J. Theor. Phys.",
	volume         = "38",
	year           = "1999",
	pages          = "1113-1133",
	doi            = "10.1023/A:1026654312961, 10.4310/ATMP.1998.v2.n2.a1",
	note           = "[Adv. Theor. Math. Phys.2,231(1998)]",
	eprint         = "hep-th/9711200",
	archivePrefix  = "arXiv",
	primaryClass   = "hep-th",
	reportNumber   = "HUTP-97-A097, HUTP-98-A097",
	SLACcitation   = "%%CITATION = HEP-TH/9711200;%%"
}
@article{Shimaji:2018czt,
	author         = "Shimaji, Teppei and Takayanagi, Tadashi and Wei, Zixia",
	title          = "{Holographic Quantum Circuits from Splitting/Joining
	Local Quenches}",
	journal        = "JHEP",
	volume         = "03",
	year           = "2019",
	pages          = "165",
	doi            = "10.1007/JHEP03(2019)165",
	eprint         = "1812.01176",
	archivePrefix  = "arXiv",
	primaryClass   = "hep-th",
	reportNumber   = "YITP-18-122, IPMU18-0197",
	SLACcitation   = "%%CITATION = ARXIV:1812.01176;%%"
}
@article{Caputa:2019avh,
	author         = "Caputa, Pawel and Numasawa, Tokiro and Shimaji, Teppei
	and Takayanagi, Tadashi and Wei, Zixia",
	title          = "{Double Local Quenches in 2D CFTs and Gravitational
	Force}",
	journal        = "JHEP",
	volume         = "09",
	year           = "2019",
	pages          = "018",
	doi            = "10.1007/JHEP09(2019)018",
	eprint         = "1905.08265",
	archivePrefix  = "arXiv",
	primaryClass   = "hep-th",
	reportNumber   = "YITP-19-41, IPMU19-0077",
	SLACcitation   = "%%CITATION = ARXIV:1905.08265;%%"
}
@article{Aharony:1999ti,
	author         = "Aharony, Ofer and Gubser, Steven S. and Maldacena, Juan
	Martin and Ooguri, Hirosi and Oz, Yaron",
	title          = "{Large N field theories, string theory and gravity}",
	journal        = "Phys. Rept.",
	volume         = "323",
	year           = "2000",
	pages          = "183-386",
	doi            = "10.1016/S0370-1573(99)00083-6",
	eprint         = "hep-th/9905111",
	archivePrefix  = "arXiv",
	primaryClass   = "hep-th",
	reportNumber   = "CERN-TH-99-122, HUTP-99-A027, LBNL-43113, RU-99-18,
	UCB-PTH-99-16, LBL-43113",
	SLACcitation   = "%%CITATION = HEP-TH/9905111;%%"
}
@article{Sakai:2004cn,
	author         = "Sakai, Tadakatsu and Sugimoto, Shigeki",
	title          = "{Low energy hadron physics in holographic QCD}",
	journal        = "Prog. Theor. Phys.",
	volume         = "113",
	year           = "2005",
	pages          = "843-882",
	doi            = "10.1143/PTP.113.843",
	eprint         = "hep-th/0412141",
	archivePrefix  = "arXiv",
	primaryClass   = "hep-th",
	reportNumber   = "IU-MSTP-63, YITP-04-70",
	SLACcitation   = "%%CITATION = HEP-TH/0412141;%%"
}
@article{Kovtun:2004de,
	author         = "Kovtun, P. and Son, Dan T. and Starinets, Andrei O.",
	title          = "{Viscosity in strongly interacting quantum field theories
	from black hole physics}",
	journal        = "Phys. Rev. Lett.",
	volume         = "94",
	year           = "2005",
	pages          = "111601",
	doi            = "10.1103/PhysRevLett.94.111601",
	eprint         = "hep-th/0405231",
	archivePrefix  = "arXiv",
	primaryClass   = "hep-th",
	reportNumber   = "INT-PUB-04-09, UW-PT-04-04",
	SLACcitation   = "%%CITATION = HEP-TH/0405231;%%"
}
@article{Hartnoll_2009,
	title={Lectures on holographic methods for condensed matter physics},
	volume={26},
	ISSN={1361-6382},
	url={http://dx.doi.org/10.1088/0264-9381/26/22/224002},
	DOI={10.1088/0264-9381/26/22/224002},
	number={22},
	journal={Classical and Quantum Gravity},
	publisher={IOP Publishing},
	author={Hartnoll, Sean A},
	year={2009},
	month={Oct},
	pages={224002}
}
@book{EguchiSugawara,
	author    = "江口 徹 and 菅原 祐二",
	title     = "共形場理論",
	publisher = "岩波書店",
	year      = "2015",
	URL       = "http://ci.nii.ac.jp/ncid/BB19618269"
}
@book{francesco2012conformal,
	title={Conformal field theory},
	author={Francesco, Philippe and Mathieu, Pierre and S{\'e}n{\'e}chal, David},
	year={2012},
	publisher={Springer Science \& Business Media}
}
@book{polchinski1998string1,
	title={String theory: Volume 1, an introduction to the bosonic string},
	author={Polchinski, Joseph},
	year={1998},
	publisher={Cambridge university press}
}
@book{polchinski1998string2,
	title={String theory: Volume 2, superstring theory and beyond},
	author={Polchinski, Joseph},
	year={1998},
	publisher={Cambridge university press}
}
@book{NakayamaCFT,
	author    = "中山 優",
	title     = "高次元共形場理論への招待 : 3次元臨界Ising模型を解く",
	publisher = "サイエンス社",
	year      = "2019",
	series    = "SGCライブラリ",
	number    = "153",
	URL       = "http://ci.nii.ac.jp/ncid/BB29063466"
}
@book{NakaharaTop1,
	author    = "中原 幹夫 and 佐久間 一浩",
	title     = "理論物理学のための幾何学とトポロジーI",
	publisher = "日本評論社",
	year      = "2018",
	URL       = "http://ci.nii.ac.jp/ncid/BB27260273"
}
@book{NakaharaTop2,
	title="理論物理学のための幾何学とトポロジーII",
	author="中原　幹夫 and 佐久間, 一浩",
	year = 2000,
	publisher="ピアソン・エデュケーション",
	URL       = "http://ci.nii.ac.jp/ncid/BA46517245"
}
@book{FukumaSakatani,
	author    = "福間 将文 and 酒谷 雄峰",
	title     = "重力とエントロピー : 重力の熱力学的性質を理解するために",
	publisher = "サイエンス社",
	year      = "2014",
	series    = "臨時別冊・数理科学",
	number    = ". SGCライブラリ ; 112",
	URL       = "http://ci.nii.ac.jp/ncid/BB16857784"
}
@article{Banados:1998gg,
	author         = "Banados, Maximo",
	title          = "{Three-dimensional quantum geometry and black holes}",
	booktitle      = "{Trends in theoretical physics II. Proceedings, 2nd La
	Plata Meeting, Buenos Aires, Argentina, November
	29-December 4, 1998}",
	journal        = "AIP Conf. Proc.",
	volume         = "484",
	year           = "1999",
	number         = "1",
	pages          = "147-169",
	doi            = "10.1063/1.59661",
	eprint         = "hep-th/9901148",
	archivePrefix  = "arXiv",
	primaryClass   = "hep-th",
	SLACcitation   = "%%CITATION = HEP-TH/9901148;%%"
}
@inproceedings{Donnay:2016iyk,
	author         = "Donnay, Laura",
	title          = "{Asymptotic dynamics of three-dimensional gravity}",
	booktitle      = "{Proceedings, 11th Modave Summer School in Mathematical
	Physics: Modave, Belgium, September 13-18, 2015}",
	year           = "2016",
	doi            = "10.22323/1.271.0001",
	eprint         = "1602.09021",
	archivePrefix  = "arXiv",
	primaryClass   = "hep-th",
	SLACcitation   = "%%CITATION = ARXIV:1602.09021;%%"
}
@inproceedings{Banerjee,
	author         = "Pinaki Banerjee ",
	title          = "{Assorted Topics in AdS3/CFT2}",
	booktitle      = "{Student Talks on Trending Topics in Theory 2018
	6-14 July, NISER, Bhubaneswar}",
	year           = "2018"
}
@article{Takayanagi:2011zk,
	author         = "Takayanagi, Tadashi",
	title          = "{Holographic Dual of BCFT}",
	journal        = "Phys. Rev. Lett.",
	volume         = "107",
	year           = "2011",
	pages          = "101602",
	doi            = "10.1103/PhysRevLett.107.101602",
	eprint         = "1105.5165",
	archivePrefix  = "arXiv",
	primaryClass   = "hep-th",
	reportNumber   = "IPMU11-0091",
	SLACcitation   = "%%CITATION = ARXIV:1105.5165;%%"
}
@article{Fujita:2011fp,
	author         = "Fujita, Mitsutoshi and Takayanagi, Tadashi and Tonni,
	Erik",
	title          = "{Aspects of AdS/BCFT}",
	journal        = "JHEP",
	volume         = "11",
	year           = "2011",
	pages          = "043",
	doi            = "10.1007/JHEP11(2011)043",
	eprint         = "1108.5152",
	archivePrefix  = "arXiv",
	primaryClass   = "hep-th",
	reportNumber   = "IPMU-11-0136, MIT-CTP-4289",
	SLACcitation   = "%%CITATION = ARXIV:1108.5152;%%"
}
@book{ TakayanagiJapan,
	author    = "高柳 匡",
	title     = "ホログラフィー原理と量子エンタングルメント",
	publisher = "サイエンス社",
	year      = "2014",
	series    = "臨時別冊・数理科学",
	number    = ". SGCライブラリ ; 106",
	URL       = "http://ci.nii.ac.jp/ncid/BB15327876"
}
@book{Natsuume,
	author    = "夏梅 誠",
	title     = "超弦理論の応用 : 物理諸分野でのAdS/CFT双対性の使い方",
	publisher = "サイエンス社",
	year      = "2012",
	series    = "臨時別冊・数理科学",
	number    = ". SGCライブラリ ; 93",
	URL       = "http://ci.nii.ac.jp/ncid/BB10227149"
}
@inproceedings{Klebanov:2000me,
	author         = "Klebanov, Igor R.",
	title          = "{TASI lectures: Introduction to the AdS / CFT
	correspondence}",
	booktitle      = "{Strings, branes and gravity. Proceedings, Theoretical
	Advanced Study Institute, TASI'99, Boulder, USA, May
	31-June 25, 1999}",
	year           = "2000",
	doi            = "10.1142/9789812799630_0007",
	eprint         = "hep-th/0009139",
	archivePrefix  = "arXiv",
	primaryClass   = "hep-th",
	reportNumber   = "PUPT-1954",
	SLACcitation   = "%%CITATION = HEP-TH/0009139;%%"
}
@article{Deser:1993yx,
	author         = "Deser, Stanley and Schwimmer, A.",
	title          = "{Geometric classification of conformal anomalies in
	arbitrary dimensions}",
	journal        = "Phys. Lett.",
	volume         = "B309",
	year           = "1993",
	pages          = "279-284",
	doi            = "10.1016/0370-2693(93)90934-A",
	eprint         = "hep-th/9302047",
	archivePrefix  = "arXiv",
	primaryClass   = "hep-th",
	reportNumber   = "BRX-343, SISSA-14-93-EP",
	SLACcitation   = "%%CITATION = HEP-TH/9302047;%%"
}
@article{Banados:1992wn,
	author         = "Banados, Maximo and Teitelboim, Claudio and Zanelli,
	Jorge",
	title          = "{The Black hole in three-dimensional space-time}",
	journal        = "Phys. Rev. Lett.",
	volume         = "69",
	year           = "1992",
	pages          = "1849-1851",
	doi            = "10.1103/PhysRevLett.69.1849",
	eprint         = "hep-th/9204099",
	archivePrefix  = "arXiv",
	primaryClass   = "hep-th",
	reportNumber   = "PRINT-92-0151 (CHILE), IASSNS-HEP-92-29",
	SLACcitation   = "%%CITATION = HEP-TH/9204099;%%"
}
@article{Brown:1986nw,
	author         = "Brown, J. David and Henneaux, M.",
	title          = "{Central Charges in the Canonical Realization of
	Asymptotic Symmetries: An Example from Three-Dimensional
	Gravity}",
	journal        = "Commun. Math. Phys.",
	volume         = "104",
	year           = "1986",
	pages          = "207-226",
	doi            = "10.1007/BF01211590",
	SLACcitation   = "%%CITATION = CMPHA,104,207;%%"
}
@incollection{FeffermanGraham,
	author = {Fefferman, Charles and Graham, C. Robin},
	title = {Conformal invariants},
	booktitle = {\'Elie Cartan et les math\'ematiques d'aujourd'hui - Lyon, 25-29 juin 1984},
	author = {Collectif},
	series = {Ast\'erisque},
	publisher = {Soci\'et\'e math\'ematique de France},
	number = {S131},
	year = {1985},
	pages = {95-116},
	zbl = {0602.53007},
	mrnumber = {837196},
	language = {en},
	url = {http://www.numdam.org/item/AST_1985__S131__95_0}
}
@article{Hawking:1982dh,
	author         = "Hawking, S. W. and Page, Don N.",
	title          = "{Thermodynamics of Black Holes in anti-De Sitter Space}",
	journal        = "Commun. Math. Phys.",
	volume         = "87",
	year           = "1983",
	pages          = "577",
	doi            = "10.1007/BF01208266",
	reportNumber   = "PRINT-83-0019 (CAMBRIDGE)",
	SLACcitation   = "%%CITATION = CMPHA,87,577;%%"
}
@article{Cardy:1991kr,
	author         = "Cardy, John L.",
	title          = "{Operator content and modular properties of higher
	dimensional conformal field theories}",
	journal        = "Nucl. Phys.",
	volume         = "B366",
	year           = "1991",
	pages          = "403-419",
	doi            = "10.1016/0550-3213(91)90024-R",
	reportNumber   = "UCSBTH-91-21",
	SLACcitation   = "%%CITATION = NUPHA,B366,403;%%"
}
@article{Strominger:1997eq,
	author         = "Strominger, Andrew",
	title          = "{Black hole entropy from near horizon microstates}",
	journal        = "JHEP",
	volume         = "02",
	year           = "1998",
	pages          = "009",
	doi            = "10.1088/1126-6708/1998/02/009",
	eprint         = "hep-th/9712251",
	archivePrefix  = "arXiv",
	primaryClass   = "hep-th",
	reportNumber   = "HUTP-97-A106",
	SLACcitation   = "%%CITATION = HEP-TH/9712251;%%"
}
@article{Bekenstein:1973ur,
	author         = "Bekenstein, Jacob D.",
	title          = "{Black holes and entropy}",
	journal        = "Phys. Rev.",
	volume         = "D7",
	year           = "1973",
	pages          = "2333-2346",
	doi            = "10.1103/PhysRevD.7.2333",
	SLACcitation   = "%%CITATION = PHRVA,D7,2333;%%"
}
@article{Hawking:1974sw,
	author         = "Hawking, S. W.",
	title          = "{Particle Creation by Black Holes}",
	booktitle      = "{Euclidean quantum gravity}",
	journal        = "Commun. Math. Phys.",
	volume         = "43",
	year           = "1975",
	pages          = "199-220",
	doi            = "10.1007/BF02345020, 10.1007/BF01608497",
	note           = "[,167(1975)]",
	SLACcitation   = "%%CITATION = CMPHA,43,199;%%"
}
@article{Krishnan:2016mcj,
	author         = "Krishnan, Chethan and Raju, Avinash",
	title          = "{A Neumann Boundary Term for Gravity}",
	journal        = "Mod. Phys. Lett.",
	volume         = "A32",
	year           = "2017",
	number         = "14",
	pages          = "1750077",
	doi            = "10.1142/S0217732317500778",
	eprint         = "1605.01603",
	archivePrefix  = "arXiv",
	primaryClass   = "hep-th",
	SLACcitation   = "%%CITATION = ARXIV:1605.01603;%%"
}
@article{Gibbons:1976ue,
	author         = "Gibbons, G. W. and Hawking, S. W.",
	title          = "{Action Integrals and Partition Functions in Quantum
	Gravity}",
	journal        = "Phys. Rev.",
	volume         = "D15",
	year           = "1977",
	pages          = "2752-2756",
	doi            = "10.1103/PhysRevD.15.2752",
	reportNumber   = "PRINT-76-0995 (CAMBRIDGE)",
	SLACcitation   = "%%CITATION = PHRVA,D15,2752;%%"
}
@article{York:1972sj,
	author         = "York, Jr., James W.",
	title          = "{Role of conformal three geometry in the dynamics of
	gravitation}",
	journal        = "Phys. Rev. Lett.",
	volume         = "28",
	year           = "1972",
	pages          = "1082-1085",
	doi            = "10.1103/PhysRevLett.28.1082",
	SLACcitation   = "%%CITATION = PRLTA,28,1082;%%"
}
@article{Radicevic:2014kqa,
	author         = "Radicevic, Djordje",
	title          = "{Notes on Entanglement in Abelian Gauge Theories}",
	year           = "2014",
	eprint         = "1404.1391",
	archivePrefix  = "arXiv",
	primaryClass   = "hep-th",
	reportNumber   = "SU-ITP-14-08",
	SLACcitation   = "%%CITATION = ARXIV:1404.1391;%%"
}
@article{Casini:2013rba,
	author         = "Casini, Horacio and Huerta, Marina and Rosabal, Jose
	Alejandro",
	title          = "{Remarks on entanglement entropy for gauge fields}",
	journal        = "Phys. Rev.",
	volume         = "D89",
	year           = "2014",
	number         = "8",
	pages          = "085012",
	doi            = "10.1103/PhysRevD.89.085012",
	eprint         = "1312.1183",
	archivePrefix  = "arXiv",
	primaryClass   = "hep-th",
	SLACcitation   = "%%CITATION = ARXIV:1312.1183;%%"
}
@article{EPR1935,
	title = {Can Quantum-Mechanical Description of Physical Reality Be Considered Complete?},
	author = {Einstein, A. and Podolsky, B. and Rosen, N.},
	journal = {Phys. Rev.},
	volume = {47},
	issue = {10},
	pages = {777--780},
	numpages = {0},
	year = {1935},
	month = {May},
	publisher = {American Physical Society},
	doi = {10.1103/PhysRev.47.777},
	url = {https://link.aps.org/doi/10.1103/PhysRev.47.777}
}
@article{Aspect1982,
	title = {Experimental Test of Bell's Inequalities Using Time-Varying Analyzers},
	author = {Aspect, Alain and Dalibard, Jean and Roger, G\'erard},
	journal = {Phys. Rev. Lett.},
	volume = {49},
	issue = {25},
	pages = {1804--1807},
	numpages = {0},
	year = {1982},
	month = {Dec},
	publisher = {American Physical Society},
	doi = {10.1103/PhysRevLett.49.1804},
	url = {https://link.aps.org/doi/10.1103/PhysRevLett.49.1804}
}
@article{Unruh1976,
	title = {Notes on black-hole evaporation},
	author = {Unruh, W. G.},
	journal = {Phys. Rev. D},
	volume = {14},
	issue = {4},
	pages = {870--892},
	numpages = {0},
	year = {1976},
	month = {Aug},
	publisher = {American Physical Society},
	doi = {10.1103/PhysRevD.14.870},
	url = {https://link.aps.org/doi/10.1103/PhysRevD.14.870}
}
@book{HayashietalQI,
	author    = "石坂 智 and 小川 朋宏 and 河内 亮周 and 木村 元 and 林 正人",
	title     = "量子情報科学入門",
	publisher = "共立出版",
	year      = "2012",
	URL       = "http://ci.nii.ac.jp/ncid/BB09394904"
}
@book{nielsen_chuang_2010, 
	place={Cambridge},
	title={Quantum Computation and Quantum Information: 10th Anniversary Edition},
	DOI={10.1017/CBO9780511976667},
	publisher={Cambridge University Press},
	author={Nielsen, Michael A. and Chuang, Isaac L.},
	year={2010}
}
@article{Kitaev2006,
	title = {Topological Entanglement Entropy},
	author = {Kitaev, Alexei and Preskill, John},
	journal = {Phys. Rev. Lett.},
	volume = {96},
	issue = {11},
	pages = {110404},
	numpages = {4},
	year = {2006},
	month = {Mar},
	publisher = {American Physical Society},
	doi = {10.1103/PhysRevLett.96.110404},
	url = {https://link.aps.org/doi/10.1103/PhysRevLett.96.110404}
}
@article{Levin_2006,
	title={Detecting Topological Order in a Ground State Wave Function},
	volume={96},
	ISSN={1079-7114},
	url={http://dx.doi.org/10.1103/PhysRevLett.96.110405},
	DOI={10.1103/physrevlett.96.110405},
	number={11},
	journal={Physical Review Letters},
	publisher={American Physical Society (APS)},
	author={Levin, Michael and Wen, Xiao-Gang},
	year={2006},
	month={Mar}
}
@book{Sagawa,
	author    = "沙川 貴大 and 上田 正仁",
	title     = "量子測定と量子制御",
	publisher = "サイエンス社",
	year      = "2016",
	series    = "臨時別冊・数理科学",
	number    = ". SGCライブラリ ; 123",
	URL       = "http://ci.nii.ac.jp/ncid/BB20891232"
}
@article{Calabrese_2016,
	title={Quantum quenches in 1+1 dimensional conformal field theories},
	volume={2016},
	ISSN={1742-5468},
	url={http://dx.doi.org/10.1088/1742-5468/2016/06/064003},
	DOI={10.1088/1742-5468/2016/06/064003},
	number={6},
	journal={Journal of Statistical Mechanics: Theory and Experiment},
	publisher={IOP Publishing},
	author={Calabrese, Pasquale and Cardy, John},
	year={2016},
	month={Jun},
	pages={064003}
}
@article{Maldacena:2015waa,
	author         = "Maldacena, Juan and Shenker, Stephen H. and Stanford,
	Douglas",
	title          = "{A bound on chaos}",
	journal        = "JHEP",
	volume         = "08",
	year           = "2016",
	pages          = "106",
	doi            = "10.1007/JHEP08(2016)106",
	eprint         = "1503.01409",
	archivePrefix  = "arXiv",
	primaryClass   = "hep-th",
	SLACcitation   = "%%CITATION = ARXIV:1503.01409;%%"
}
@article{Ryu:2006ef,
	author         = "Ryu, Shinsei and Takayanagi, Tadashi",
	title          = "{Aspects of Holographic Entanglement Entropy}",
	journal        = "JHEP",
	volume         = "08",
	year           = "2006",
	pages          = "045",
	doi            = "10.1088/1126-6708/2006/08/045",
	eprint         = "hep-th/0605073",
	archivePrefix  = "arXiv",
	primaryClass   = "hep-th",
	reportNumber   = "NSF-KITP-06-31, KUNS-2021",
	SLACcitation   = "%%CITATION = HEP-TH/0605073;%%"
}
@book{Ohya,
	author    = "梅垣 寿春 and 北川 敏男 and 大矢 雅則",
	title     = "量子論的エントロピー",
	publisher = "共立出版",
	year      = "1984",
	series    = "情報科学講座 / 北川敏男 [ほか] 編",
	number    = "A ; 共通基礎理論||キョウツウ キソ リロン ; 2 ; 情報論理学||ジョウホウ ロンリガク ; 7 . 情報理論の函数解析的基礎 ; 2",
	URL       = "http://ci.nii.ac.jp/ncid/BN00263901"
}
@book{Hotta,
	author    = "堀田 昌寛",
	title     = "量子情報と時空の物理 : 量子情報物理学入門",
	publisher = "サイエンス社",
	year      = "2019",
	edition   = "第2版",
	series    = "臨時別冊・数理科学",
	number    = ". SGCライブラリ ; 149",
	URL       = "http://ci.nii.ac.jp/ncid/BB28192157"
}
@book{Iso,
	author    = "磯 暁",
	title     = "現代物理学の基礎としての場の量子論",
	publisher = "共立出版",
	year      = "2015",
	series    = "KEK物理学シリーズ / 高エネルギー加速器研究機構監修",
	number    = "4",
	URL       = "http://ci.nii.ac.jp/ncid/BB18954500"
}
@book{Birrell:1982ix,
	author         = "Birrell, N. D. and Davies, P. C. W.",
	title          = "{Quantum Fields in Curved Space}",
	publisher      = "Cambridge Univ. Press",
	address        = "Cambridge, UK",
	year           = "1984",
	url            = "http://www.cambridge.org/mw/academic/subjects/physics/theoretical-physics-and-mathematical-physics/quantum-fields-curved-space?format=PB",
	series         = "Cambridge Monographs on Mathematical Physics",
	doi            = "10.1017/CBO9780511622632",
	ISBN           = "0521278589, 9780521278584, 9780521278584",
	SLACcitation   = "%%CITATION = INSPIRE-181166;%%"
}
@article{Crispino:2007eb,
	author         = "Crispino, Luis C. B. and Higuchi, Atsushi and Matsas,
	George E. A.",
	title          = "{The Unruh effect and its applications}",
	journal        = "Rev. Mod. Phys.",
	volume         = "80",
	year           = "2008",
	pages          = "787-838",
	doi            = "10.1103/RevModPhys.80.787",
	eprint         = "0710.5373",
	archivePrefix  = "arXiv",
	primaryClass   = "gr-qc",
	SLACcitation   = "%%CITATION = ARXIV:0710.5373;%%"
}
@article{Nishioka:2018khk,
	author         = "Nishioka, Tatsuma",
	title          = "{Entanglement entropy: holography and renormalization
	group}",
	journal        = "Rev. Mod. Phys.",
	volume         = "90",
	year           = "2018",
	number         = "3",
	pages          = "035007",
	doi            = "10.1103/RevModPhys.90.035007",
	eprint         = "1801.10352",
	archivePrefix  = "arXiv",
	primaryClass   = "hep-th",
	reportNumber   = "UT-18-02",
	SLACcitation   = "%%CITATION = ARXIV:1801.10352;%%"
}
@article{Takayanagi:2012kg,
	author         = "Takayanagi, Tadashi",
	title          = "{Entanglement Entropy from a Holographic Viewpoint}",
	journal        = "Class. Quant. Grav.",
	volume         = "29",
	year           = "2012",
	pages          = "153001",
	doi            = "10.1088/0264-9381/29/15/153001",
	eprint         = "1204.2450",
	archivePrefix  = "arXiv",
	primaryClass   = "gr-qc",
	reportNumber   = "YITP-12-31, IPMU12-0067",
	SLACcitation   = "%%CITATION = ARXIV:1204.2450;%%"
}
@article{Calabrese:2004eu,
	author         = "Calabrese, Pasquale and Cardy, John L.",
	title          = "{Entanglement entropy and quantum field theory}",
	journal        = "J. Stat. Mech.",
	volume         = "0406",
	year           = "2004",
	pages          = "P06002",
	doi            = "10.1088/1742-5468/2004/06/P06002",
	eprint         = "hep-th/0405152",
	archivePrefix  = "arXiv",
	primaryClass   = "hep-th",
	SLACcitation   = "%%CITATION = HEP-TH/0405152;%%"
}
@article{Calabrese:2009qy,
	author         = "Calabrese, Pasquale and Cardy, John",
	title          = "{Entanglement entropy and conformal field theory}",
	journal        = "J. Phys.",
	volume         = "A42",
	year           = "2009",
	pages          = "504005",
	doi            = "10.1088/1751-8113/42/50/504005",
	eprint         = "0905.4013",
	archivePrefix  = "arXiv",
	primaryClass   = "cond-mat.stat-mech",
	SLACcitation   = "%%CITATION = ARXIV:0905.4013;%%"
}
@article{Rangamani:2016dms,
	author         = "Rangamani, Mukund and Takayanagi, Tadashi",
	title          = "{Holographic Entanglement Entropy}",
	journal        = "Lect. Notes Phys.",
	volume         = "931",
	year           = "2017",
	pages          = "pp.1-246",
	doi            = "10.1007/978-3-319-52573-0",
	eprint         = "1609.01287",
	archivePrefix  = "arXiv",
	primaryClass   = "hep-th",
	reportNumber   = "YITP-16-106",
	SLACcitation   = "%%CITATION = ARXIV:1609.01287;%%"
}
@article{York:1986it,
	author         = "York, Jr., James W.",
	title          = "{Black hole thermodynamics and the Euclidean Einstein
	action}",
	journal        = "Phys. Rev.",
	volume         = "D33",
	year           = "1986",
	pages          = "2092-2099",
	doi            = "10.1103/PhysRevD.33.2092",
	SLACcitation   = "%%CITATION = PHRVA,D33,2092;%%"
}
@article{Bekenstein:1974ax,
	author         = "Bekenstein, Jacob D.",
	title          = "{Generalized second law of thermodynamics in black hole
	physics}",
	journal        = "Phys. Rev.",
	volume         = "D9",
	year           = "1974",
	pages          = "3292-3300",
	doi            = "10.1103/PhysRevD.9.3292",
	SLACcitation   = "%%CITATION = PHRVA,D9,3292;%%"
}
@article{tHooft:1993dmi,
	author         = "'t Hooft, Gerard",
	title          = "{Dimensional reduction in quantum gravity}",
	booktitle      = "{Conference on Highlights of Particle and Condensed
	Matter Physics (SALAMFEST) Trieste, Italy, March 8-12,
	1993}",
	journal        = "Conf. Proc.",
	volume         = "C930308",
	year           = "1993",
	pages          = "284-296",
	eprint         = "gr-qc/9310026",
	archivePrefix  = "arXiv",
	primaryClass   = "gr-qc",
	reportNumber   = "THU-93-26",
	SLACcitation   = "%%CITATION = GR-QC/9310026;%%"
}
@article{Susskind:1994vu,
	author         = "Susskind, Leonard",
	title          = "{The World as a hologram}",
	journal        = "J. Math. Phys.",
	volume         = "36",
	year           = "1995",
	pages          = "6377-6396",
	doi            = "10.1063/1.531249",
	eprint         = "hep-th/9409089",
	archivePrefix  = "arXiv",
	primaryClass   = "hep-th",
	reportNumber   = "SU-ITP-94-33",
	SLACcitation   = "%%CITATION = HEP-TH/9409089;%%"
}
@article{Strominger:1996sh,
	author         = "Strominger, Andrew and Vafa, Cumrun",
	title          = "{Microscopic origin of the Bekenstein-Hawking entropy}",
	journal        = "Phys. Lett.",
	volume         = "B379",
	year           = "1996",
	pages          = "99-104",
	doi            = "10.1016/0370-2693(96)00345-0",
	eprint         = "hep-th/9601029",
	archivePrefix  = "arXiv",
	primaryClass   = "hep-th",
	reportNumber   = "HUTP-96-A002, RU-96-01",
	SLACcitation   = "%%CITATION = HEP-TH/9601029;%%"
}
@article{Polchinski:1995mt,
	author         = "Polchinski, Joseph",
	title          = "{Dirichlet Branes and Ramond-Ramond charges}",
	journal        = "Phys. Rev. Lett.",
	volume         = "75",
	year           = "1995",
	pages          = "4724-4727",
	doi            = "10.1103/PhysRevLett.75.4724",
	eprint         = "hep-th/9510017",
	archivePrefix  = "arXiv",
	primaryClass   = "hep-th",
	reportNumber   = "NSF-ITP-95-122",
	SLACcitation   = "%%CITATION = HEP-TH/9510017;%%"
}
@article{Solodukhin:2011gn,
	author         = "Solodukhin, Sergey N.",
	title          = "{Entanglement entropy of black holes}",
	journal        = "Living Rev. Rel.",
	volume         = "14",
	year           = "2011",
	pages          = "8",
	doi            = "10.12942/lrr-2011-8",
	eprint         = "1104.3712",
	archivePrefix  = "arXiv",
	primaryClass   = "hep-th",
	SLACcitation   = "%%CITATION = ARXIV:1104.3712;%%"
}
@article{Holzhey_1994,
	title={Geometric and renormalized entropy in conformal field theory},
	volume={424},
	ISSN={0550-3213},
	url={http://dx.doi.org/10.1016/0550-3213(94)90402-2},
	DOI={10.1016/0550-3213(94)90402-2},
	number={3},
	journal={Nuclear Physics B},
	publisher={Elsevier BV},
	author={Holzhey, Christoph and Larsen, Finn and Wilczek, Frank},
	year={1994},
	month={Aug},
	pages={443–467}
}
@article{Bombelli:1986rw,
	author         = "Bombelli, Luca and Koul, Rabinder K. and Lee, Joohan and
	Sorkin, Rafael D.",
	title          = "{A Quantum Source of Entropy for Black Holes}",
	journal        = "Phys. Rev.",
	volume         = "D34",
	year           = "1986",
	pages          = "373-383",
	doi            = "10.1103/PhysRevD.34.373",
	reportNumber   = "PRINT-86-0371 (SYRACUSE)",
	SLACcitation   = "%%CITATION = PHRVA,D34,373;%%"
}
@article{Srednicki:1993im,
	author         = "Srednicki, Mark",
	title          = "{Entropy and area}",
	journal        = "Phys. Rev. Lett.",
	volume         = "71",
	year           = "1993",
	pages          = "666-669",
	doi            = "10.1103/PhysRevLett.71.666",
	eprint         = "hep-th/9303048",
	archivePrefix  = "arXiv",
	primaryClass   = "hep-th",
	reportNumber   = "LBL-33754, CFPA-93-02",
	SLACcitation   = "%%CITATION = HEP-TH/9303048;%%"
}
@article{Calabrese:2005in,
	author         = "Calabrese, Pasquale and Cardy, John L.",
	title          = "{Evolution of entanglement entropy in one-dimensional
	systems}",
	journal        = "J. Stat. Mech.",
	volume         = "0504",
	year           = "2005",
	pages          = "P04010",
	doi            = "10.1088/1742-5468/2005/04/P04010",
	eprint         = "cond-mat/0503393",
	archivePrefix  = "arXiv",
	primaryClass   = "cond-mat",
	SLACcitation   = "%%CITATION = COND-MAT/0503393;%%"
}
@article{von_Neumann_2010,
	title={Proof of the ergodic theorem and the H-theorem in quantum mechanics},
	volume={35},
	ISSN={2102-6467},
	url={http://dx.doi.org/10.1140/epjh/e2010-00008-5},
	DOI={10.1140/epjh/e2010-00008-5},
	number={2},
	journal={The European Physical Journal H},
	publisher={Springer Science and Business Media LLC},
	author={von Neumann, J.},
	year={2010},
	month={Sep},
	pages={201–237}
}
@Article{Neumann1929,
	author="Neumann, J. v.",
	title="Beweis des Ergodensatzes und desH-Theorems in der neuen Mechanik",
	journal="Zeitschrift f{\"u}r Physik",
	year="1929",
	month="Jan",
	day="01",
	volume="57",
	number="1",
	pages="30--70",	issn="0044-3328",
	doi="10.1007/BF01339852",
	url="https://doi.org/10.1007/BF01339852"
}
@article{Deutsch1991,
	title = {Quantum statistical mechanics in a closed system},
	author = {Deutsch, J. M.},
	journal = {Phys. Rev. A},
	volume = {43},
	issue = {4},
	pages = {2046--2049},
	numpages = {0},
	year = {1991},
	month = {Feb},
	publisher = {American Physical Society},
	doi = {10.1103/PhysRevA.43.2046},
	url = {https://link.aps.org/doi/10.1103/PhysRevA.43.2046}
}
@article{Srednicki1994,
	title = {Chaos and quantum thermalization},
	author = {Srednicki, Mark},
	journal = {Phys. Rev. E},
	volume = {50},
	issue = {2},
	pages = {888--901},
	numpages = {0},
	year = {1994},
	month = {Aug},
	publisher = {American Physical Society},
	doi = {10.1103/PhysRevE.50.888},
	url = {https://link.aps.org/doi/10.1103/PhysRevE.50.888}
}
@article{Phillips1998,
	title = {Nobel Lecture: Laser cooling and trapping of neutral atoms},
	author = {Phillips, William D.},
	journal = {Rev. Mod. Phys.},
	volume = {70},
	issue = {3},
	pages = {721--741},
	numpages = {0},
	year = {1998},
	month = {Jul},
	publisher = {American Physical Society},
	doi = {10.1103/RevModPhys.70.721},
	url = {https://link.aps.org/doi/10.1103/RevModPhys.70.721}
}
@inbook{Metcalf2007,
	author = {Metcalf, Harold J. and van der Straten, Peter},
	publisher = {American Cancer Society},
	isbn = {9783527600441},
	title = {Laser Cooling and Trapping of Neutral Atoms},
	booktitle = {The Optics Encyclopedia},
	chapter = {},
	pages = {},
	doi = {10.1002/9783527600441.oe005},
	url = {https://onlinelibrary.wiley.com/doi/abs/10.1002/9783527600441.oe005},
	eprint = {https://onlinelibrary.wiley.com/doi/pdf/10.1002/9783527600441.oe005},
	year = {2007},
	keywords = {laser cooling, atom trapping, optical lattice, Bose–Einstein condensation},
}
@article{greiner2002collapse,
	title={Collapse and revival of the matter wave field of a Bose--Einstein condensate},
	author={Greiner, Markus and Mandel, Olaf and H{\"a}nsch, Theodor W and Bloch, Immanuel},
	journal={Nature},
	volume={419},
	number={6902},
	pages={51--54},
	year={2002},
	publisher={Nature Publishing Group}
}
@article{kinoshita2006quantum,
	title={A quantum Newton's cradle},
	author={Kinoshita, Toshiya and Wenger, Trevor and Weiss, David S},
	journal={Nature},
	volume={440},
	number={7086},
	pages={900--903},
	year={2006},
	publisher={Nature Publishing Group}
}
@article{hofferberth2007non,
	title={Non-equilibrium coherence dynamics in one-dimensional Bose gases},
	author={Hofferberth, S and Lesanovsky, Igor and Fischer, B and Schumm, Thorsten and Schmiedmayer, J{\"o}rg},
	journal={Nature},
	volume={449},
	number={7160},
	pages={324--327},
	year={2007},
	publisher={Nature Publishing Group}
}
@article{trotzky2012probing,
	title={Probing the relaxation towards equilibrium in an isolated strongly correlated one-dimensional Bose gas},
	author={Trotzky, Stefan and Chen, Yu-Ao and Flesch, Andreas and McCulloch, Ian P and Schollw{\"o}ck, Ulrich and Eisert, Jens and Bloch, Immanuel},
	journal={Nature physics},
	volume={8},
	number={4},
	pages={325--330},
	year={2012},
	publisher={Nature Publishing Group}
}
@article{cheneau2012light,
	title={Light-cone-like spreading of correlations in a quantum many-body system},
	author={Cheneau, Marc and Barmettler, Peter and Poletti, Dario and Endres, Manuel and Schau{\ss}, Peter and Fukuhara, Takeshi and Gross, Christian and Bloch, Immanuel and Kollath, Corinna and Kuhr, Stefan},
	journal={Nature},
	volume={481},
	number={7382},
	pages={484--487},
	year={2012},
	publisher={Nature Publishing Group}
}
@article{gring2012relaxation,
	title={Relaxation and prethermalization in an isolated quantum system},
	author={Gring, Michael and Kuhnert, Maximilian and Langen, Tim and Kitagawa, Takuya and Rauer, Bernhard and Schreitl, Matthias and Mazets, Igor and Smith, D Adu and Demler, Eugene and Schmiedmayer, J{\"o}rg},
	journal={Science},
	volume={337},
	number={6100},
	pages={1318--1322},
	year={2012},
	publisher={American Association for the Advancement of Science}
}
@article{essler2016quench,
	title={Quench dynamics and relaxation in isolated integrable quantum spin chains},
	author={Essler, Fabian HL and Fagotti, Maurizio},
	journal={Journal of Statistical Mechanics: Theory and Experiment},
	volume={2016},
	number={6},
	pages={064002},
	year={2016},
	publisher={IOP Publishing}
}
@article{Calabrese2006,
	title = {Time Dependence of Correlation Functions Following a Quantum Quench},
	author = {Calabrese, Pasquale and Cardy, John},
	journal = {Phys. Rev. Lett.},
	volume = {96},
	issue = {13},
	pages = {136801},
	numpages = {4},
	year = {2006},
	month = {Apr},
	publisher = {American Physical Society},
	doi = {10.1103/PhysRevLett.96.136801},
	url = {https://link.aps.org/doi/10.1103/PhysRevLett.96.136801}
}
@article{fagotti2013,
	title = {Reduced density matrix after a quantum quench},
	author = {Fagotti, Maurizio and Essler, Fabian H. L.},
	journal = {Phys. Rev. B},
	volume = {87},
	issue = {24},
	pages = {245107},
	numpages = {22},
	year = {2013},
	month = {Jun},
	publisher = {American Physical Society},
	doi = {10.1103/PhysRevB.87.245107},
	url = {https://link.aps.org/doi/10.1103/PhysRevB.87.245107}
}
@article{manmana2007,
	title = {Strongly Correlated Fermions after a Quantum Quench},
	author = {Manmana, S. R. and Wessel, S. and Noack, R. M. and Muramatsu, A.},
	journal = {Phys. Rev. Lett.},
	volume = {98},
	issue = {21},
	pages = {210405},
	numpages = {4},
	year = {2007},
	month = {May},
	publisher = {American Physical Society},
	doi = {10.1103/PhysRevLett.98.210405},
	url = {https://link.aps.org/doi/10.1103/PhysRevLett.98.210405}
}
@article{Calabrese:2007rg,
	author         = "Calabrese, Pasquale and Cardy, John",
	title          = "{Quantum Quenches in Extended Systems}",
	journal        = "J. Stat. Mech.",
	volume         = "0706",
	year           = "2007",
	pages          = "P06008",
	doi            = "10.1088/1742-5468/2007/06/P06008",
	eprint         = "0704.1880",
	archivePrefix  = "arXiv",
	primaryClass   = "cond-mat.stat-mech",
	SLACcitation   = "%%CITATION = ARXIV:0704.1880;%%"
}
@article{Takayanagi:2010wp,
	author         = "Takayanagi, Tadashi and Ugajin, Tomonori",
	title          = "{Measuring Black Hole Formations by Entanglement Entropy
	via Coarse-Graining}",
	journal        = "JHEP",
	volume         = "11",
	year           = "2010",
	pages          = "054",
	doi            = "10.1007/JHEP11(2010)054",
	eprint         = "1008.3439",
	archivePrefix  = "arXiv",
	primaryClass   = "hep-th",
	reportNumber   = "IPMU10-0142",
	SLACcitation   = "%%CITATION = ARXIV:1008.3439;%%"
}
@article{hartman2013time,
	title={Time evolution of entanglement entropy from black hole interiors},
	author={Hartman, Thomas and Maldacena, Juan},
	journal={Journal of High Energy Physics},
	volume={2013},
	number={5},
	pages={14},
	year={2013},
	publisher={Springer}
}
@misc{almheiri2019page,
	title={The Page curve of Hawking radiation from semiclassical geometry},
	author={Ahmed Almheiri and Raghu Mahajan and Juan Maldacena and Ying Zhao},
	year={2019},
	eprint={1908.10996},
	archivePrefix={arXiv},
	primaryClass={hep-th}
}
@article{Roberts_2012,
	title={Time evolution of entanglement entropy from a pulse},
	volume={2012},
	ISSN={1029-8479},
	url={http://dx.doi.org/10.1007/JHEP12(2012)027},
	DOI={10.1007/jhep12(2012)027},
	number={12},
	journal={Journal of High Energy Physics},
	publisher={Springer Science and Business Media LLC},
	author={Roberts, Matthew M.},
	year={2012},
	month={Dec}
}
@article{sakajo2012force,
	title={Force-enhancing vortex equilibria for two parallel plates in uniform flow},
	author={Sakajo, Takashi},
	journal={Proceedings of the Royal Society A: Mathematical, Physical and Engineering Sciences},
	volume={468},
	number={2140},
	pages={1175--1195},
	year={2012},
	publisher={The Royal Society Publishing}
}
@article{Numasawa_2016,
	title={EPR pairs, local projections and quantum teleportation in holography},
	volume={2016},
	ISSN={1029-8479},
	url={http://dx.doi.org/10.1007/JHEP08(2016)077},
	DOI={10.1007/jhep08(2016)077},
	number={8},
	journal={Journal of High Energy Physics},
	publisher={Springer Science and Business Media LLC},
	author={Numasawa, Tokiro and Shiba, Noburo and Takayanagi, Tadashi and Watanabe, Kento},
	year={2016},
	month={Aug}
}
@article{Polyakov:1970xd,
	author         = "Polyakov, Alexander M.",
	title          = "{Conformal symmetry of critical fluctuations}",
	journal        = "JETP Lett.",
	volume         = "12",
	year           = "1970",
	pages          = "381-383",
	note           = "[Pisma Zh. Eksp. Teor. Fiz.12,538(1970)]",
	SLACcitation   = "%%CITATION = JTPLA,12,381;%%"
}
@article{Belavin:1984vu,
	author         = "Belavin, A. A. and Polyakov, Alexander M. and
	Zamolodchikov, A. B.",
	title          = "{Infinite Conformal Symmetry in Two-Dimensional Quantum
	Field Theory}",
	journal        = "Nucl. Phys.",
	volume         = "B241",
	year           = "1984",
	pages          = "333-380",
	doi            = "10.1016/0550-3213(84)90052-X",
	note           = "[,605(1984)]",
	reportNumber   = "CERN-TH-3827",
	SLACcitation   = "%%CITATION = NUPHA,B241,333;%%"
}
@article{Cardy:1989ir,
	author         = "Cardy, John L.",
	title          = "{Boundary Conditions, Fusion Rules and the Verlinde
	Formula}",
	journal        = "Nucl. Phys.",
	volume         = "B324",
	year           = "1989",
	pages          = "581-596",
	doi            = "10.1016/0550-3213(89)90521-X",
	reportNumber   = "UCSB-TH-89-06",
	SLACcitation   = "%%CITATION = NUPHA,B324,581;%%"
}
@article{Casini:2008cr,
	author         = "Casini, H.",
	title          = "{Relative entropy and the Bekenstein bound}",
	journal        = "Class. Quant. Grav.",
	volume         = "25",
	year           = "2008",
	pages          = "205021",
	doi            = "10.1088/0264-9381/25/20/205021",
	eprint         = "0804.2182",
	archivePrefix  = "arXiv",
	primaryClass   = "hep-th",
	SLACcitation   = "%%CITATION = ARXIV:0804.2182;%%"
}
@article{Bekenstein:1980jp,
	author         = "Bekenstein, Jacob D.",
	title          = "{A Universal Upper Bound on the Entropy to Energy Ratio
	for Bounded Systems}",
	journal        = "Phys. Rev.",
	volume         = "D23",
	year           = "1981",
	pages          = "287",
	doi            = "10.1103/PhysRevD.23.287",
	reportNumber   = "NSF-ITP-80-38",
	SLACcitation   = "%%CITATION = PHRVA,D23,287;%%"
}
@article{Lewkowycz:2013nqa,
	author         = "Lewkowycz, Aitor and Maldacena, Juan",
	title          = "{Generalized gravitational entropy}",
	journal        = "JHEP",
	volume         = "08",
	year           = "2013",
	pages          = "090",
	doi            = "10.1007/JHEP08(2013)090",
	eprint         = "1304.4926",
	archivePrefix  = "arXiv",
	primaryClass   = "hep-th",
	SLACcitation   = "%%CITATION = ARXIV:1304.4926;%%"
}
@article{Hubeny:2007xt,
	author         = "Hubeny, Veronika E. and Rangamani, Mukund and Takayanagi,
	Tadashi",
	title          = "{A Covariant holographic entanglement entropy proposal}",
	journal        = "JHEP",
	volume         = "07",
	year           = "2007",
	pages          = "062",
	doi            = "10.1088/1126-6708/2007/07/062",
	eprint         = "0705.0016",
	archivePrefix  = "arXiv",
	primaryClass   = "hep-th",
	reportNumber   = "DCPT-07-13, KUNS-2069",
	SLACcitation   = "%%CITATION = ARXIV:0705.0016;%%"
}
@article{Gubser_1998,
	title={Gauge theory correlators from non-critical string theory},
	volume={428},
	ISSN={0370-2693},
	url={http://dx.doi.org/10.1016/S0370-2693(98)00377-3},
	DOI={10.1016/s0370-2693(98)00377-3},
	number={1-2},
	journal={Physics Letters B},
	publisher={Elsevier BV},
	author={Gubser, S.S. and Klebanov, I.R. and Polyakov, A.M.},
	year={1998},
	month={May},
	pages={105–114}
}
@article{Witten:1998qj,
	author         = "Witten, Edward",
	title          = "{Anti-de Sitter space and holography}",
	journal        = "Adv. Theor. Math. Phys.",
	volume         = "2",
	year           = "1998",
	pages          = "253-291",
	doi            = "10.4310/ATMP.1998.v2.n2.a2",
	eprint         = "hep-th/9802150",
	archivePrefix  = "arXiv",
	primaryClass   = "hep-th",
	reportNumber   = "IASSNS-HEP-98-15",
	SLACcitation   = "%%CITATION = HEP-TH/9802150;%%"
}
@article{Brown:1992br,
	author         = "Brown, J. David and York, Jr., James W.",
	title          = "{Quasilocal energy and conserved charges derived from the
	gravitational action}",
	journal        = "Phys. Rev.",
	volume         = "D47",
	year           = "1993",
	pages          = "1407-1419",
	doi            = "10.1103/PhysRevD.47.1407",
	eprint         = "gr-qc/9209012",
	archivePrefix  = "arXiv",
	primaryClass   = "gr-qc",
	reportNumber   = "IFP-423-UNC, TAR-009-UNC",
	SLACcitation   = "%%CITATION = GR-QC/9209012;%%"
}
@article{bisognano1975duality,
	title={On the duality condition for a Hermitian scalar field},
	author={Bisognano, Joseph J and Wichmann, Eyvind H},
	journal={Journal of Mathematical Physics},
	volume={16},
	number={4},
	pages={985--1007},
	year={1975},
	publisher={American Institute of Physics}
}
@book{Araki2001,
	author    = "荒木 不二洋",
	title     = "量子場の数理",
	publisher = "岩波書店",
	year      = "2001",
	series    = "現代物理学叢書",
	number    = "",
	URL       = "http://ci.nii.ac.jp/ncid/BA51984680"
}
@book{haag2012local,
	title={Local quantum physics: Fields, particles, algebras},
	author={Haag, Rudolf},
	year={2012},
	publisher={Springer Science \& Business Media}
}
@book{wu2019ads3,
	title={AdS3/CFT2 and Holographic Entanglement Entropy},
	author={Wu, Jie-qiang},
	year={2019},
	publisher={Springer Nature}
}
@book{hollands2018entanglement,
	title={Entanglement measures and their properties in quantum field theory},
	author={Hollands, Stefan and Sanders, Ko},
	volume={34},
	year={2018},
	publisher={Springer}
}
@article{Witten_2018,
	title={APS Medal for Exceptional Achievement in Research: Invited article on entanglement properties of quantum field theory},
	volume={90},
	ISSN={1539-0756},
	url={http://dx.doi.org/10.1103/RevModPhys.90.045003},
	DOI={10.1103/revmodphys.90.045003},
	number={4},
	journal={Reviews of Modern Physics},
	publisher={American Physical Society (APS)},
	author={Witten, Edward},
	year={2018},
	month={Oct}
}
@article{Zamora_2014,
	title={Splitting a critical spin chain},
	volume={2014},
	ISSN={1742-5468},
	url={http://dx.doi.org/10.1088/1742-5468/2014/09/P09035},
	DOI={10.1088/1742-5468/2014/09/p09035},
	number={9},
	journal={Journal of Statistical Mechanics: Theory and Experiment},
	publisher={IOP Publishing},
	author={Zamora, Alejandro and Rodríguez-Laguna, Javier and Lewenstein, Maciej and Tagliacozzo, Luca},
	year={2014},
	month={Sep},
	pages={P09035}
}
@article{Aoki_2017,
	title={Entanglement entropy for 2D gauge theories with matters},
	volume={96},
	ISSN={2470-0029},
	url={http://dx.doi.org/10.1103/PhysRevD.96.045020},
	DOI={10.1103/physrevd.96.045020},
	number={4},
	journal={Physical Review D},
	publisher={American Physical Society (APS)},
	author={Aoki, Sinya and Iizuka, Norihiro and Tamaoka, Kotaro and Yokoya, Tsuyoshi},
	year={2017},
	month={Aug}
}
